<?xml version="1.0" encoding="UTF-8"?><collection xmlns="http://www.loc.gov/MARC21/slim"><record><leader>00381nam--2200121-i-4500</leader><controlfield tag="001">000005000</controlfield><controlfield tag="002">20161230</controlfield><controlfield tag="005">20161230201026</controlfield><controlfield tag="008">060222s1000------------r-----000-0-eng-d</controlfield><datafield ind1=" " ind2=" " tag="100"><subfield code="a">Bailleul ,G. /S.A.</subfield></datafield><datafield ind1=" " ind2=" " tag="245"><subfield code="a">Aktive kohle und ihre industrielle verwendung dritte, umgearbeitete und erweiterte auflage</subfield></datafield><datafield ind1=" " ind2=" " tag="260"><subfield code="a">Stuttgart,Ferdinand Enke Verlag ,1953.143p.+ 56 Fig</subfield></datafield><datafield ind1=" " ind2=" " tag="852"><subfield code="a">1531O</subfield></datafield></record></collection>